@article{iot,
    title = {Introduction to IOT},
    author = {Gokhale, Pradyumna and Bhat, Omkar and Bhat, Sagar},
    journal = {International Advanced Research Journal in Science, Engineering and Technology},
    volume = {5},
    number = {1},
    pages = {41--44},
    year = {2018}
}

@ARTICLE{iotthreats,
    author = {Zhou, Wei and Jia, Yan and Peng, Anni and Zhang, Yuqing and Liu, Peng},
    journal = {IEEE Internet of Things Journal},
    title = {The Effect of IoT New Features on Security and Privacy: New Threats, Existing Solutions, and Challenges Yet to Be Solved},
    year = {2019},
    volume = {6},
    number = {2},
    pages = {1606-1616},
    doi = {10.1109/JIOT.2018.2847733}
}

@misc{iotincrease,
    author = {Transforma Insights and Exploding Topics},
    title = {Number of Internet of Things (IoT) connected devices worldwide from 2019 to 2023, with forecasts from 2022 to 2030},
    year = {2023},
    url = {https://www.statista.com/statistics/1183457/iot-connected-devices-worldwide/}
}

@misc{remotesurgeryhijacking,
    title = {To Make a Robot Secure: An Experimental Analysis of Cyber Security Threats Against Teleoperated Surgical Robots},
    author = {Tamara Bonaci and Jeffrey Herron and Tariq Yusuf and Junjie Yan and Tadayoshi Kohno and Howard Jay Chizeck},
    year = {2015},
    eprint = {1504.04339},
    archivePrefix = {arXiv},
    primaryClass = {cs.RO}
}