@ARTICLE{distrinet1,
    author = {Giuseppe Di Lena and Andrea Tomassilli and Damien Saucez and Frédéric Giroire and Thierry Turlett},
    journal = {Computer Communication Review},
    title = {Distrinet: a Mininet Implementation for the Cloud},
    year = {2021},
    volume = {51},
    number = {1},
    pages = {2-9},
    doi = {10.1145/3457175.3457177},
    url = {https://inria.hal.science/hal-03000617/document} }

@INPROCEEDINGS{distrinet2,
    booktitle = {2019 IEEE 8th International Conference on Cloud Networking (CloudNet)},
    author = {Lena, Giuseppe Di and Tomassilli, Andrea and Saucez, Damien and Giroire, Frédéric and Turletti, Thierry and Lac, Chidung},
    title = {Mininet on steroids: exploiting the cloud for Mininet performance},
    year = {2019},
    volume = {},
    number = {},
    pages = {1-3},
    doi = {10.1109/CloudNet47604.2019.9064129},
    url = {https://ieeexplore.ieee.org/abstract/document/9064129}
}

@INPROCEEDINGS{maxinet,
    author = {Wette, Philip and Dräxler, Martin and Schwabe, Arne and Wallaschek, Felix and Zahraee, Mohammad Hassan and Karl, Holger},
    booktitle = {2014 IFIP Networking Conference},
    title = {MaxiNet: Distributed emulation of software-defined networks},
    year = {2014},
    volume = {},
    number = {},
    pages = {1-9},
    doi = {10.1109/IFIPNetworking.2014.6857078},
    url = {https://ieeexplore.ieee.org/abstract/document/6857078} }

@ARTICLE{comnetsemu,
    author = {Xiang, Zuo and Pandi, Sreekrishna and Cabrera, Juan and Granelli, Fabrizio and Seeling, Patrick and Fitzek, Frank H. P.},
    journal = {IEEE Communications Magazine},
    title = {An Open Source Testbed for Virtualized Communication Networks},
    year = {2021},
    volume = {59},
    number = {2},
    pages = {77-83},
    doi = {10.1109/MCOM.001.2000578},
    url = {https://ieeexplore.ieee.org/abstract/document/9374634} }

@unpublished{owntb,
    author = {Windisch, Fritz and Abedi, Kamyar and Doan, Tung and Strufe, Thorsten and Nguyen, Giang T.},
    journal = {},
    title = {Hybrid Testbed for Security Research in Software-Defined Networks},
    year = {2023},
    volume = {},
    number = {},
    pages = {},
    doi = {},
    url = {} }

@misc{fcc,
    author = {Federal Communications Commission (FCC)},
    journal = {},
    title = {Broadband Speed Guide},
    year = {2020},
    volume = {},
    number = {},
    pages = {},
    doi = {},
    url = {https://www.fcc.gov/sites/default/files/broadband_speed_guide.pdf} }

@misc{iperf3,
    author = {ESnet},
    title = {IPerf3 project website},
    url = {https://software.es.net/iperf/},
    urldate = {2023-08-26},
    keywords = {usedtools}
}

@misc{sockperf,
    author = {NVidia},
    title = {Sockperf online documentation},
    url = {https://docs.nvidia.com/networking/pages/viewpage.action?pageId=19800142},
    urldate = {2023-08-26},
    keywords = {usedtools}
}

@misc{iputils,
    author = {Alexey Kuznetsov and Hideaki Yoshifuji and others},
    title = {iputils GitHub repository},
    url = {https://github.com/iputils/iputils},
    urldate = {2023-08-26},
    keywords = {usedtools}
}

@misc{hping3,
    author = {Salvatore Sanfilippo},
    title = {hping3 GitHub repository},
    url = {https://github.com/antirez/hping},
    urldate = {2023-08-26},
    keywords = {usedtools}
}

@misc{tcpdump,
    author = {The Tcpdump Group},
    title = {Tcpdump project website},
    url = {https://www.tcpdump.org/},
    urldate = {2023-08-26},
    keywords = {usedtools}
}

@misc{iproute2,
    author = {Stephen Hemminger and David Ahern},
    title = {iproute2 GitHub repository},
    url = {https://github.com/shemminger/iproute2},
    urldate = {2023-08-26},
    keywords = {usedtools}
}