@misc{txoffload,
    author = {The Linux Kernel Development Community},
    title = {Checksum Offloads},
    journal = {Linux Kernel Documentation v6.2.0},
    url = {https://www.kernel.org/doc/html/v6.2/networking/checksum-offloads.html}
}

@misc{openapi,
    author = {Darrel Miller and Jeremy Whitlock and others},
    title = {OpenAPI specification v3.0.3},
    url = {https://spec.openapis.org/oas/v3.0.3},
    urldate = {2023-08-26},
    keywords = {usedtools}
}

@misc{openapi-generator,
    author = {OpenAPI-Generator Contributors},
    title = {OpenAPI-Generator website},
    url = {https://openapi-generator.tech},
    urldate = {2023-08-26},
    keywords = {usedtools}
}

@misc{swaggerui,
    author = {SmartBear Software},
    title = {SwaggerUI website},
    url = {https://swagger.io/tools/swagger-ui/},
    urldate = {2023-08-26},
    keywords = {usedtools}
}

@misc{redocly,
    author = {Redocly Inc.},
    title = {Redocly website},
    url = {https://redocly.com/},
    urldate = {2023-08-26},
    keywords = {usedtools}
}

@misc{lxc,
    author = {Linux Container Project},
    title = {LinuxContainers website},
    url = {https://linuxcontainers.org/},
    urldate = {2023-08-26},
    keywords = {usedtools}
}

@misc{net-tools,
    author = {Mike Frysinger and Phil Blundell and Bernd Eckenfels},
    title = {Net-tools sourceforge project home},
    url = {https://sourceforge.net/projects/net-tools/},
    urldate = {2023-08-26},
    keywords = {usedtools}
}

@misc{openvswitch,
    author = {Ben Pfaff and Justin Pettit and Teemu Koponen and others},
    title = {The Design and Implementation of Open vSwitch},
    url = {https://www.openvswitch.org/support/papers/nsdi2015.pdf},
    keywords = {usedtools}
}

@misc{ryu,
    author = {RYU project team},
    title = {RYU SDN Framework},
    url = {https://book.ryu-sdn.org/en/Ryubook.pdf},
    keywords = {usedtools}
}

@misc{ryu-rest,
    author = {RYU project team},
    title = {RYU REST API specification},
    url = {https://ryu.readthedocs.io/en/latest/app/ofctl_rest.html},
    urldate = {2023-08-26},
    keywords = {usedtools}
}

@misc{rfc7042,
    series =    {Request for Comments},
    number =    7042,
    howpublished =  {RFC 7042},
    publisher = {RFC Editor},
    doi =       {10.17487/RFC7042},
    url =       {https://www.rfc-editor.org/info/rfc7042},
        author =    {Donald E. Eastlake 3rd and Joe Abley},
    title =     {{IANA Considerations and IETF Protocol and Documentation Usage for IEEE 802 Parameters}},
    pagetotal = 27,
    year =      2013,
    month =     oct,
    abstract =  {Some IETF protocols make use of Ethernet frame formats and IEEE 802 parameters. This document discusses several uses of such parameters in IETF protocols, specifies IANA considerations for assignment of points under the IANA OUI (Organizationally Unique Identifier), and provides some values for use in documentation. This document obsoletes RFC 5342.}
}